@article{schapira2012mitochondrial,
  title={Mitochondrial diseases},
  author={Schapira, A.H.V.},
  journal={The Lancet},
  year={2012},
  publisher={Elsevier}
}

@article{chinnery1999mitochondrial,
  title={Mitochondrial DNA and disease},
  author={Chinnery, PF and Turnbull, DM},
  journal={The Lancet},
  volume={354},
  pages={S17--S21},
  year={1999},
  publisher={Elsevier}
}

@article{wang2011estimating,
  title={Estimating allele frequency from next-generation sequencing of pooled mitochondrial DNA samples},
  author={Wang, T. and Pradhan, K. and Ye, K. and Wong, L.J. and Rohan, T.E.},
  journal={Frontiers in genetics},
  volume={2},
  year={2011},
  publisher={Frontiers Media SA}
}

@article{de1999mitochondrial,
  title={Mitochondrial DNA inherited variants are associated with successful aging and longevity in humans},
  author={De Benedictis, G. and Rose, G. and Carrieri, G. and De Luca, M. and Falcone, E. and Passarino, G. and Bonafe, M. and Monti, D. and Baggio, G. and Bertolini, S. and others},
  journal={The FASEB journal},
  volume={13},
  number={12},
  pages={1532--1536},
  year={1999},
  publisher={FASEB}
}

@article{dato2004association,
  title={Association of the mitochondrial DNA haplogroup J with longevity is population specific},
  author={Dato, S. and Passarino, G. and Rose, G. and Altomare, K. and Bellizzi, D. and Mari, V. and Feraco, E. and Franceschi, C. and De Benedictis, G.},
  journal={European journal of human genetics},
  volume={12},
  number={12},
  pages={1080--1082},
  year={2004},
  publisher={Nature Publishing Group}
}

@article{behar2007genographic,
  title={The Genographic Project public participation mitochondrial DNA database},
  author={Behar, D.M. and Rosset, S. and Blue-Smith, J. and Balanovsky, O. and Tzur, S. and Comas, D. and Mitchell, R.J. and Quintana-Murci, L. and Tyler-Smith, C. and Wells, R.S.},
  journal={PLoS Genetics},
  volume={3},
  number={6},
  pages={e104},
  year={2007},
  publisher={Public Library of Science}
}

@article{calloway2000frequency,
  title={The frequency of heteroplasmy in the HVII region of mtDNA differs across tissue types and increases with age},
  author={Calloway, C.D. and Reynolds, R.L. and Herrin, G.L. and Anderson, W.W.},
  journal={The American Journal of Human Genetics},
  volume={66},
  number={4},
  pages={1384--1397},
  year={2000},
  publisher={Elsevier}
}

@article{michikawa1999aging,
  title={Aging-dependent large accumulation of point mutations in the human mtDNA control region for replication},
  author={Michikawa, Y. and Mazzucchelli, F. and Bresolin, N. and Scarlato, G. and Attardi, G.},
  journal={Science},
  volume={286},
  number={5440},
  pages={774},
  year={1999},
  publisher={American Association for the Advancement of Science}
}

@article{bender2006high,
  title={High levels of mitochondrial DNA deletions in substantia nigra neurons in aging and Parkinson disease},
  author={Bender, A. and Krishnan, K.J. and Morris, C.M. and Taylor, G.A. and Reeve, A.K. and Perry, R.H. and Jaros, E. and Hersheson, J.S. and Betts, J. and Klopstock, T. and others},
  journal={Nature genetics},
  volume={38},
  number={5},
  pages={515--517},
  year={2006},
  publisher={Nature Publishing Group}
}


@unpublished{halaschek2012,
  title={Variants in BECN1 and MAPK14 are associated with healthy aging},
  author={Halaschek-Wiener, J. and Zamar, D. and Oliveira, L. and Collins, J.A. and Thompson, A. and Fornika, D. and Meneilly, G. and Marra, M.A. and Madden, K.M. and Le, N.D. and Connors, J.M. and Daley, D. and Brooks-Wilson, A.R.},
  note={In Preparation}
}

@article{coller2002frequent,
  title={Frequent intracellular clonal expansions of somatic mtDNA mutations},
  author={Coller, H.A. and Bodyak, N.D. and Khrapko, K.},
  journal={Annals of the New York Academy of Sciences},
  volume={959},
  number={1},
  pages={434--447},
  year={2002},
  publisher={Wiley Online Library}
}

@article{sondheimer2011neutral,
  title={Neutral mitochondrial heteroplasmy and the influence of aging},
  author={Sondheimer, N. and Glatz, C.E. and Tirone, J.E. and Deardorff, M.A. and Krieger, A.M. and Hakonarson, H.},
  journal={Human molecular genetics},
  volume={20},
  number={8},
  pages={1653--1659},
  year={2011},
  publisher={Oxford Univ Press}
}

@article{hajirasouliha2010detection,
  title={Detection and characterization of novel sequence insertions using paired-end next-generation sequencing},
  author={Hajirasouliha, I. and Hormozdiari, F. and Alkan, C. and Kidd, J.M. and Birol, I. and Eichler, E.E. and Sahinalp, S.C.},
  journal={Bioinformatics},
  volume={26},
  number={10},
  pages={1277--1283},
  year={2010},
  publisher={Oxford Univ Press}
}

@article{meissner20084977bp,
  title={The 4977bp deletion of mitochondrial DNA in human skeletal muscle, heart and different areas of the brain: A useful biomarker or more?},
  author={Meissner, C. and Bruse, P. and Mohamed, S.A. and Schulz, A. and Warnk, H. and Storm, T. and Oehmichen, M.},
  journal={Experimental gerontology},
  volume={43},
  number={7},
  pages={645--652},
  year={2008},
  publisher={Elsevier}
}
@article{cortopassi1992pattern,
  title={A pattern of accumulation of a somatic deletion of mitochondrial DNA in aging human tissues},
  author={Cortopassi, GA and Shibata, D. and Soong, NW and Arnheim, N.},
  journal={Proceedings of the National Academy of Sciences},
  volume={89},
  number={16},
  pages={7370},
  year={1992},
  publisher={National Acad Sciences}
}

@article{szelinger2011bar,
  title={Bar-coded, multiplexed sequencing of targeted DNA regions using the Illumina Genome Analyzer},
  author={Szelinger, S. and Kurdoglu, A. and Craig, D.W. and others},
  journal={Methods Mol Biol},
  volume={700},
  pages={89--104},
  year={2011},
  publisher={Springer}
}

@online{andrews2010fastqc,
  title={FASTQC. A quality control tool for high throughput sequence data},
  author={Andrews, S.},
  year={2010},
  url={http://www.bioinformatics.babraham.ac.uk/projects/fastqc/}
}

@article{li2009fast,
  title={Fast and accurate short read alignment with Burrows--Wheeler transform},
  author={Li, H. and Durbin, R.},
  journal={Bioinformatics},
  volume={25},
  number={14},
  pages={1754--1760},
  year={2009},
  publisher={Oxford Univ Press}
}

@article{degner2009effect,
  title={Effect of read-mapping biases on detecting allele-specific expression from RNA-sequencing data},
  author={Degner, J.F. and Marioni, J.C. and Pai, A.A. and Pickrell, J.K. and Nkadori, E. and Gilad, Y. and Pritchard, J.K.},
  journal={Bioinformatics},
  volume={25},
  number={24},
  pages={3207--3212},
  year={2009},
  publisher={Oxford Univ Press}
}

@online{kyushu,
author = {Higasa, K.},
title = {Kyushu-U In Silico PCR},
year = {2006},
url = {http://qsnp.gen.kyushu-u.ac.jp/genome/InSilicoPCR.html}
}

@article{melov1995marked,
  title={Marked increase in the number and variety of mitochondrial DNA rearrangements in aging human skeletal muscle},
  author={Melov, S. and Shoffner, JM and Kaufman, A. and Wallace, DC},
  journal={Nucleic acids research},
  volume={23},
  number={20},
  pages={4122--4126},
  year={1995},
  publisher={Oxford Univ Press}
}

@article{soong1992mosaicism,
  title={Mosaicism for a specific somatic mitochondrial DNA mutation in adult human brain},
  author={Soong, N.W. and Hinton, D.R. and Cortopassi, G. and Arnheim, N.},
  journal={Nature genetics},
  volume={2},
  number={4},
  pages={318--323},
  year={1992},
  publisher={Nature Publishing Group}
}

@article{hayakawa1992age,
  title={Age-associated oxygen damage and mutations in mitochondrial DNA in human hearts.},
  author={Hayakawa, M. and Hattori, K. and Sugiyama, S. and Ozawa, T. and others},
  journal={Biochemical and biophysical research communications},
  volume={189},
  number={2},
  pages={979},
  year={1992}
}

@article{Passos2007,
author = {Passos, Jo\~{a}o F and Saretzki, Gabriele and von Zglinicki, Thomas},
journal = {Nucleic acids research},
month = jan,
number = {22},
pages = {7505--13},
title = {{DNA damage in telomeres and mitochondria during cellular senescence: is there a connection?}},
volume = {35},
year = {2007}
}

@article{Toyokuni1999,
author = {Toyokuni, S},
journal = {Pathology international},
month = feb,
number = {2},
pages = {91--102},
title = {{Reactive oxygen species-induced molecular damage and its application in pathology.}},
volume = {49},
year = {1999}
}

@article{Moreno-Loshuertos2006,
author = {Moreno-Loshuertos, Raquel and Ac\'{\i}n-P\'{e}rez, Rebeca and Fern\'{a}ndez-Silva, Patricio and Movilla, Nieves and P\'{e}rez-Martos, Acisclo and {Rodriguez de Cordoba}, Santiago and Gallardo, M Esther and Enr\'{\i}quez, Jos\'{e} Antonio},
journal = {Nature genetics},
month = nov,
number = {11},
pages = {1261--8},
title = {{Differences in reactive oxygen species production explain the phenotypes associated with common mouse mitochondrial DNA variants.}},
volume = {38},
year = {2006}
}

@article{Wallace1999,
author = {Wallace, D. C.},
journal = {Science},
month = mar,
number = {5407},
pages = {1482--1488},
title = {{Mitochondrial Diseases in Man and Mouse}},
volume = {283},
year = {1999}
}

@article{Rubio-Cosials2011,
author = {Rubio-Cosials, Anna and Sidow, Jasmin F and Jim\'{e}nez-Men\'{e}ndez, Nereida and Fern\'{a}ndez-Mill\'{a}n, Pablo and Montoya, Julio and Jacobs, Howard T and Coll, Miquel and Bernad\'{o}, Pau and Sol\`{a}, Maria},
journal = {Nature structural \& molecular biology},
number = {11},
pages = {1281--9},
title = {{Human mitochondrial transcription factor A induces a U-turn structure in the light strand promoter.}},
volume = {18},
year = {2011}
}

@article{Wei2011,
author = {Wei, Zhi and Wang, Wei and Hu, Pingzhao and Lyon, Gholson J and Hakonarson, Hakon},
journal = {Nucleic acids research},
month = oct,
number = {19},
pages = {1--13},
title = {{SNVer: a statistical tool for variant calling in analysis of pooled or individual next-generation sequencing data.}},
volume = {39},
year = {2011}
}

@article{Tanaka1998,
author = {Tanaka, Masashi and Gong, Jian-sheng and Zhang, Jin and Yoneda, Makoto and Yagi, Kunio},
journal = {The Lancet},
title = {{Mitochondrial genotype associated with longevity}},
volume = {351},
pages = {185--186},
year = {1998}
}

@article{Dupont1990,
author = {Dupont, W D and Plummer, W D},
journal = {Controlled clinical trials},
month = apr,
number = {2},
pages = {116--28},
title = {{Power and sample size calculations. A review and computer program.}},
volume = {11},
year = {1990}
}

@article{Rossignol2003,
author = {Rossignol, Rodrigue and Faustin, Benjamin and Rocher, Christophe and Malgat, Monique and Mazat, Jean-pierre and Letellier, Thierry},
journal = {Biochemical Journal},
keywords = {complementation,metabolic control analysis,mitochondrial diseases,mitochondrial dna,oxidative phos-,phorylation,threshold effect},
pages = {751--762},
title = {{Mitochondrial threshold effects}},
volume = {370},
year = {2003}
}

@article{Purcell2007,
author = {Purcell, Shaun and Neale, Benjamin and Todd-Brown, Kathe and Thomas, Lori and Ferreira, Manuel a R and Bender, David and Maller, Julian and Sklar, Pamela and de Bakker, Paul I W and Daly, Mark J and Sham, Pak C},
journal = {American journal of human genetics},
month = sep,
number = {3},
pages = {559--75},
title = {{PLINK: a tool set for whole-genome association and population-based linkage analyses.}},
volume = {81},
year = {2007}
}

@article{nickerson1997polyphred,
  title={PolyPhred: automating the detection and genotyping of single nucleotide substitutions using fluorescence-based resequencing},
  author={Nickerson, D.A. and Tobe, V.O. and Taylor, S.L.},
  journal={Nucleic acids research},
  volume={25},
  number={14},
  pages={2745--2751},
  year={1997},
  publisher={Oxford Univ Press}
}

@article{ewing1998base1,
  title={Base-calling of automated sequencer traces usingPhred. I. Accuracy assessment},
  author={Ewing, B. and Hillier, L.D. and Wendl, M.C. and Green, P.},
  journal={Genome research},
  volume={8},
  number={3},
  pages={175--185},
  year={1998},
  publisher={Cold Spring Harbor Lab}
}

@article{ewing1998base2,
  title={Base-calling of automated sequencer traces usingPhred. II. error probabilities},
  author={Ewing, B. and Green, P.},
  journal={Genome research},
  volume={8},
  number={3},
  pages={186--194},
  year={1998},
  publisher={Cold Spring Harbor Lab}
}

@article{gordon1998consed,
  title={Consed: a graphical tool for sequence finishing},
  author={Gordon, D. and Abajian, C. and Green, P.},
  journal={Genome research},
  volume={8},
  number={3},
  pages={195--202},
  year={1998},
  publisher={Cold Spring Harbor Lab}
}


@article{Gyllensten2000,
author = {Gyllensten, Ulf},
journal = {Human Genetics},
pages = {45--50},
title = {{MtDNA substitution rate and segregation of heteroplasmy in coding and noncoding regions}},
volume = {107},
year = {2000}
}

@article{Li2010a,
journal = {American journal of human genetics},
month = aug,
number = {2},
pages = {237--249},
title = {{Detecting Heteroplasmy from High-Throughput Sequencing of Complete Human Mitochondrial DNA Genomes.}},
volume = {87},
year = {2010}
}

@article{Stoneking2000,
author = {Stoneking, M},
journal = {American journal of human genetics},
month = oct,
number = {4},
pages = {1029--32},
title = {{Hypervariable sites in the mtDNA control region are mutational hotspots.}},
volume = {67},
year = {2000}
}

@article{Sebastiani2012,
author = {Sebastiani, Paola and Riva, Alberto and Montano, Monty and Pham, Phillip and Torkamani, Ali and Scherba, Eugene and Benson, Gary and Milton, Jacqueline N. and Baldwin, Clinton T. and Andersen, Stacy and Schork, Nicholas J. and Steinberg, Martin H. and Perls, Thomas T.},
issn = {1664-8021},
journal = {Frontiers in Genetics},
number = {January},
pages = {1--28},
title = {{Whole Genome Sequences of a Male and Female Supercentenarian, Ages Greater than 114 Years}},
volume = {2},
year = {2012}
}

@article{Costa2009,
author = {Costa, Marta D. and Cherni, Lotfi and Fernandes, Ver\'{o}nica and Freitas, Fernando and {Ammar El Gaaied}, Amel Ben and Pereira, Luisa Lu\'{\i}sa},
journal = {Mechanisms of Ageing and Development},
month = apr,
number = {4},
pages = {222--226},
title = {{Data from complete mtDNA sequencing of Tunisian centenarians: Testing haplogroup association and the `golden mean' to longevity}},
volume = {130},
year = {2009}
}

@article{DeBakker2005,
author = {de Bakker, Paul I W and Yelensky, Roman and Pe'er, Itsik and Gabriel, Stacey B and Daly, Mark J and Altshuler, David},
journal = {Nature genetics},
number = {11},
pages = {1217--23},
title = {{Efficiency and power in genetic association studies.}},
volume = {37},
year = {2005}
}

@article{zhang2003strikingly,
  title={{Strikingly higher frequency in centenarians and twins of mtDNA mutation causing remodeling of replication origin in leukocytes}},
  author={Zhang, J. and Asin-Cayuela, J. and Fish, J. and Michikawa, Y. and Bonaf{\'e}, M. and Olivieri, F. and Passarino, G. and De Benedictis, G. and Franceschi, C. and Attardi, G.},
  journal={Proceedings of the National Academy of Sciences},
  volume={100},
  number={3},
  pages={1116--1121},
  year={2003},
  publisher={National Acad Sciences}
}

@article{takagi2004association,
  title={{Association of a 5178C $\rightarrow$ A (Leu237Met) polymorphism in the mitochondrial DNA with a low prevalence of myocardial infarction in Japanese individuals}},
  author={Takagi, K. and Yamada, Y. and Gong, J.S. and Sone, T. and Yokota, M. and Tanaka, M.},
  journal={Atherosclerosis},
  volume={175},
  number={2},
  pages={281--286},
  year={2004},
  publisher={Elsevier}
}

@article{saxena2006comprehensive,
  title={{Comprehensive association testing of common mitochondrial DNA variation in metabolic disease}},
  author={Saxena, R. and de Bakker, P.I.W. and Singer, K. and Mootha, V. and Burtt, N. and Hirschhorn, J.N. and Gaudet, D. and Isomaa, B. and Daly, M.J. and Groop, L. and others},
  journal={The American Journal of Human Genetics},
  volume={79},
  number={1},
  pages={54--61},
  year={2006},
  publisher={Elsevier}
}

@article{niemi2005combination,
  title={{A combination of three common inherited mitochondrial DNA polymorphisms promotes longevity in Finnish and Japanese subjects}},
  author={Niemi, A.K. and Moilanen, J.S. and Tanaka, M. and Hervonen, A. and Hurme, M. and Lehtimaki, T. and Arai, Y. and Hirose, N. and Majamaa, K.},
  journal={European Journal of Human Genetics},
  volume={13},
  number={2},
  pages={166--170},
  year={2005},
  publisher={Basel; New York: Karger,[1992-}
}

@article{cho2004multifactor,
  title={{Multifactor-dimensionality reduction shows a two-locus interaction associated with Type 2 diabetes mellitus}},
  author={Cho, YM and Ritchie, MD and Moore, JH and Park, JY and Lee, K.U. and Shin, HD and Lee, HK and Park, KS},
  journal={Diabetologia},
  volume={47},
  number={3},
  pages={549--554},
  year={2004},
  publisher={Springer}
}

@article{hjelmborg2006genetic,
  title={{Genetic influence on human lifespan and longevity}},
  author={Hjelmborg, J.B. and Iachine, I. and Skytthe, A. and Vaupel, J.W. and McGue, M. and Koskenvuo, M. and Kaprio, J. and Pedersen, N.L. and Christensen, K.},
  journal={Human Genetics},
  volume={119},
  number={3},
  pages={312--321},
  year={2006},
  publisher={Springer}
}

@article{bhat2007pgc,
  title={{PGC-1$\alpha$ Thr394Thr and Gly482Ser variants are significantly associated with T2DM in two North Indian populations: a replicate case-control study}},
  author={Bhat, A. and Koul, A. and Rai, E. and Sharma, S. and Dhar, M.K. and Bamezai, R.N.K.},
  journal={Human genetics},
  volume={121},
  number={5},
  pages={609--614},
  year={2007},
  publisher={Springer}
}

@article{rosset2008maximum,
  title={{Maximum-Likelihood Estimation of Site-Specific Mutation Rates in Human Mitochondrial DNA From Partial Phylogenetic Classification}},
  author={Rosset, S. and Wells, R.S. and Soria-Hernanz, D.F. and Tyler-Smith, C. and Royyuru, A.K. and Behar, D.M.},
  journal={Genetics},
  volume={180},
  number={3},
  pages={1511},
  year={2008},
  publisher={Genetics Soc America}
}

@article{folstein1975mini,
  title={{Mini-Mental State: a practical method for grading the cognitive state of patients for the clinician}},
  author={Folstein, M.F. and Folstein, S.E. and McHugh, P.R. and others},
  journal={J Psychiatr Res},
  volume={12},
  number={3},
  pages={189--198},
  year={1975},
  publisher={Elsevier}
}

@article{podsiadlo1991timed,
  title={{The timed" Up \& Go": a test of basic functional mobility for frail elderly persons.}},
  author={Podsiadlo, D. and Richardson, S.},
  journal={Journal of the American Geriatrics Society},
  volume={39},
  number={2},
  pages={142},
  year={1991}
}

@article{yesavage1983geriatric,
  title={{Geriatric Depression Scale (GDS)}},
  author={Yesavage, JA and Brink, TL and Rose, TL and Lum, O. and Huang, V. and Adey, M. and Leirer, O.},
  journal={Journal of Psychiatric Research},
  volume={17},
  pages={37--49},
  year={1983}
}

@article{katz1983assessing,
  title={{Assessing self-maintenance: activities of daily living, mobility, and instrumental activities of daily living}},
  author={Katz, S.},
  journal={J Am Geriatr Soc},
  volume={31},
  number={12},
  pages={721--27},
  year={1983}
}

@article{sutovsky2003early,
  title={{Early degradation of paternal mitochondria in domestic pig (Sus scrofa) is prevented by selective proteasomal inhibitors lactacystin and MG132}},
  author={Sutovsky, P. and McCauley, T.C. and Sutovsky, M. and Day, B.N.},
  journal={Biology of reproduction},
  volume={68},
  number={5},
  pages={1793},
  year={2003},
  publisher={Soc Study Reprod}
}

@article{thompson2003ubiquitination,
  title={{Ubiquitination of prohibitin in mammalian sperm mitochondria: possible roles in the regulation of mitochondrial inheritance and sperm quality control}},
  author={Thompson, W.E. and Ramalho-Santos, J. and Sutovsky, P.},
  journal={Biology of reproduction},
  volume={69},
  number={1},
  pages={254},
  year={2003},
  publisher={Soc Study Reprod}
}

@article{schreiber2004estrogen,
  title={{The estrogen-related receptor $\alpha$ (ERR$\alpha$) functions in PPAR$\gamma$ coactivator 1$\alpha$ (PGC-1$\alpha$)-induced mitochondrial biogenesis}},
  author={Schreiber, S.N. and Emter, R. and Hock, M.B. and Knutti, D. and Cardenas, J. and Podvinec, M. and Oakeley, E.J. and Kralli, A.},
  journal={Proceedings of the National Academy of Sciences},
  volume={101},
  number={17},
  pages={6472},
  year={2004},
  publisher={National Acad Sciences}
}

@article{hock2009transcriptional,
  title={{Transcriptional Control of Mitochondrial Biogenesis and Function}},
  author={Hock, M.B. and Kralli, A.},
  journal={Annual Review of Physiology},
  volume={71},
  pages={177--203},
  year={2009},
  publisher={Annual Reviews}
}

@article{ryan2007mitochondrial,
  title={{Mitochondrial-nuclear communications}},
  author={Ryan, M.T. and Hoogenraad, N.J.},
  journal={Annual Review of Biochemisrty},
  volume={76},
  pages={701--722},
  year={2007},
  publisher={Annual Reviews}
}

@article{suissa2009ancient,
  title={{Ancient mtDNA Genetic Variants Modulate mtDNA Transcription and Replication}},
  author={Suissa, S. and Wang, Z. and Poole, J. and Wittkopp, S. and Feder, J. and Shutt, T.E. and Wallace, D.C. and Shadel, G.S. and Mishmar, D.},
  journal={PLoS Genetics},
  volume={5},
  number={5},
  year={2009},
  publisher={Public Library of Science}
}

@article{elliott2008pathogenic,
  title={{Pathogenic mitochondrial DNA mutations are common in the general population}},
  author={Elliott, H.R. and Samuels, D.C. and Eden, J.A. and Relton, C.L. and Chinnery, P.F.},
  journal={The American Journal of Human Genetics},
  volume={83},
  number={2},
  pages={254--260},
  year={2008},
  publisher={Elsevier}
}

@article{symonds1994p53,
  title={{p53-dependent apoptosis suppresses tumor growth and progression in vivo.}},
  author={Symonds, H. and Krall, L. and Remington, L. and Saenz-Robles, M. and Lowe, S. and Jacks, T. and Van Dyke, T.},
  journal={Cell},
  volume={78},
  number={4},
  pages={703},
  year={1994}
}

@article{campisi2005senescent,
  title={{Senescent cells, tumor suppression, and organismal aging: good citizens, bad neighbors}},
  author={Campisi, J.},
  journal={Cell},
  volume={120},
  number={4},
  pages={513--522},
  year={2005},
  publisher={Elsevier}
}

@article{rodier2007two,
  title={{Two faces of p53: aging and tumor suppression}},
  author={Rodier, F. and Campisi, J. and Bhaumik, D.},
  journal={Nucleic Acids Research},
  year={2007},
  publisher={Oxford Univ Press}
}

@article{yuqi2009voltage,
  title={{Voltage-dependent anion channel(VDAC) is involved in apoptosis of cell lines carrying the mitochondrial DNA mutation}},
  author={Yuqi, L. and Lei, G. and Yang, L. and Zongbin, L. and Hua, X. and Lin, W. and Rui, C. and Mohan, L. and Yi, W. and Minxin, G. and others},
  journal={BMC Medical Genetics},
  volume={10},
  number={1},
  pages={114},
  year={2009},
  publisher={BioMed Central Ltd}
}

@article{passos2005mitochondria,
  title={{Mitochondria, telomeres and cell senescence}},
  author={Passos, J.F. and von Zglinicki, T.},
  journal={Experimental gerontology},
  volume={40},
  number={6},
  pages={466--472},
  year={2005},
  publisher={Elsevier}
}

@article{passos2007dna,
  title={{DNA damage in telomeres and mitochondria during cellular senescence: is there a connection?}},
  author={Passos, J.F. and Saretzki, G. and von Zglinicki, T.},
  journal={Nucleic Acids Research},
  volume={35},
  number={22},
  pages={7505},
  year={2007},
  publisher={Oxford Univ Press}
}

@article{haendeler2004antioxidants,
  title={{Antioxidants inhibit nuclear export of telomerase reverse transcriptase and delay replicative senescence of endothelial cells}},
  author={Haendeler, J. and Hoffmann, J. and Diehl, J.F. and Vasa, M. and Spyridopoulos, I. and Zeiher, A.M. and Dimmeler, S.},
  journal={Circulation research},
  volume={94},
  number={6},
  pages={768},
  year={2004},
  publisher={Am Heart Assoc}
}

@article{santos2004mitochondrial,
  title={{Mitochondrial hTERT exacerbates free-radical-mediated mtDNA damage}},
  author={Santos, J.H. and Meyer, J.N. and Skorvaga, M. and Annab, L.A. and Van Houten, B.},
  journal={Aging Cell},
  volume={3},
  number={6},
  pages={399--411},
  year={2004}
}

@article{tanaka2000mitochondrial,
  title={{Mitochondrial genotype associated with longevity and its inhibitory effect on mutagenesis}},
  author={Tanaka, M. and Gong, J.S. and Zhang, J. and Yamada, Y. and Borgeld, H.J. and Yagi, K.},
  journal={Mechanisms of ageing and development},
  volume={116},
  number={2-3},
  pages={65--76},
  year={2000},
  publisher={Elsevier}
}

@article{brand1992family,
  title={{Family patterns of coronary heart disease mortality: the framingham longevity study}},
  author={Brand, FN and Kiely, DK and Kannel, WB and Myers, RH},
  journal={Journal of clinical epidemiology},
  volume={45},
  number={2},
  pages={169--174},
  year={1992},
  publisher={Elsevier}
}

@article{halaschek2009genetic,
  title={Genetic variation in healthy oldest-old},
  author={Halaschek-Wiener, J. and Amirabbasi-Beik, M. and Monfared, N. and Pieczyk, M. and Sailer, C. and Kollar, A. and Thomas, R. and Agalaridis, G. and Yamada, S. and Oliveira, L. and others},
  journal={PloS one},
  volume={4},
  number={8},
  pages={e6641},
  year={2009},
  publisher={Public Library of Science}
}

@unpublished{fornika2010mitochondrial,
  title={{Mitochondrial Genome Variant Detection by Pooled Second-Generation Sequencing}},
  author={Fornika, D and Halaschek-Wiener, J and Brooks-Wilson, A},
  note={In Preparation}
}

@article{sunyaev2001prediction,
  title={{Prediction of deleterious human alleles}},
  author={Sunyaev, S. and Ramensky, V. and Koch, I. and Lathe III, W. and Kondrashov, A.S. and Bork, P.},
  journal={Human Molecular Genetics},
  volume={10},
  number={6},
  pages={591},
  year={2001},
  publisher={Oxford Univ Press}
}

@article{sipahimalani2005inherited,
  title={{Inherited genetic variation in ATM and susceptibility to Non-Hodgkin lymphoma}},
  author={Sipahimalani, P. and Lai, A. and Bebb, G. and Connors, J. and Gascoyne, R. and Gallagher, R. and Spinelli, J. and Brooks-Wilson, A.},
  journal={Proceedings of the American Association for Cancer Research},
  volume={2005},
  number={1},
  pages={304},
  year={2005}
}

@article{chrzanowska1999conversion,
  title={{Conversion of a reporter gene for mitochondrial gene expression using iterative mega-prime PCR}},
  author={Chrzanowska-Lightowlers, ZM and Temperley, RJ and McGregor, A. and Bindoff, LA and Lightowlers, RN},
  journal={Gene},
  volume={230},
  number={2},
  pages={241--247},
  year={1999},
  publisher={Elsevier}
}

@article{brown2000functional,
  title={{Functional analysis of lymphoblast and cybrid mitochondria containing the 3460, 11778, or 14484 Leber's hereditary optic neuropathy mitochondrial DNA mutation}},
  author={Brown, M.D. and Trounce, I.A. and Jun, A.S. and Allen, J.C. and Wallace, D.C.},
  journal={Journal of Biological Chemistry},
  volume={275},
  number={51},
  pages={39831},
  year={2000},
  publisher={ASBMB}
}

@article{hazkani-covo2010molecular,
  author = {Hazkani-Covo, Einat and Zeller, Raymond M. and Martin, William},
  journal = {PLoS Genetics},
  number = {2},
  pages = {e1000834},
  title = {{Molecular Poltergeists: Mitochondrial DNA Copies (numts) in Sequenced Nuclear Genomes}},
  volume = {6},
  year = {2010}
}

@article{thornton2004genetics,
  title={{Genetics, statistics and human disease: analytical retooling for complexity}},
  author={Thornton-Wells, T.A. and Moore, J.H. and Haines, J.L.},
  journal={TRENDS in Genetics},
  volume={20},
  number={12},
  pages={640--647},
  year={2004},
  publisher={Elsevier}
}

@article{pattin2009computationally,
  title={{A computationally efficient hypothesis testing method for epistasis analysis using multifactor dimensionality reduction}},
  author={Pattin, K.A. and White, B.C. and Barney, N. and Gui, J. and Nelson, H.H. and Kelsey, K.T. and Andrew, A.S. and Karagas, M.R. and Moore, J.H.},
  journal={Genetic Epidemiology},
  volume={33},
  pages={87--94},
  year={2009}
}

@article{cock2009sanger,
  title={{The Sanger FASTQ file format for sequences with quality scores, and the Solexa/Illumina FASTQ variants}},
  author={Cock, P.J.A. and Fields, C.J. and Goto, N. and Heuer, M.L. and Rice, P.M.},
  journal={Nucleic Acids Research},
  year={2009},
  publisher={Oxford Univ Press}
}

@article{bentley2008accurate,
  title={{Accurate whole human genome sequencing using reversible terminator chemistry}},
  author={Bentley, D.R. and Balasubramanian, S. and Swerdlow, H.P. and Smith, G.P. and Milton, J. and Brown, C.G. and Hall, K.P. and Evers, D.J. and Barnes, C.L. and Bignell, H.R. and others},
  journal={Nature},
  volume={456},
  number={7218},
  pages={53},
  year={2008},
  publisher={NIH Public Access}
}

@article{eyre2001does,
  title={{Does human mtDNA recombine?}},
  author={Eyre-Walker, A. and Awadalla, P.},
  journal={Journal of Molecular Evolution},
  volume={53},
  number={4},
  pages={430--435},
  year={2001},
  publisher={Springer}
}

% References past this point were pasted from mito_variant_detection manuscript.  There may be duplicates!

@article{Li2008,
  author = {Li, Heng and Ruan, Jue and Durbin, Richard},
  issue = {11},
  journal = {Genome research},
  pages = {1851--8},
  shorttitle = {Genome Res},
  title = {Mapping short DNA sequencing reads and calling variants using mapping quality scores.},
  volume = {18},
  year = {2008}
}

@article{druley2009quantification,
  title={{Quantification of rare allelic variants from pooled genomic DNA}},
  author={Druley, T.E. and Vallania, F.L.M. and Wegner, D.J. and Varley, K.E. and Knowles, O.L. and Bonds, J.A. and Robison, S.W. and Doniger, S.W. and Hamvas, A. and Cole, F.S. and others},
  journal={Nature Methods},
  volume={6},
  number={4},
  pages={263--265},
  year={2009},
  publisher={Nature Publishing Group}
}

@article{wallace2005mitochondrial,
  title={{A mitochondrial paradigm of metabolic and degenerative diseases, aging, and cancer: a dawn for evolutionary medicine}},
  author={Wallace, D.C.},
  journal={Annual Review of Genetics},
  volume={39},
  pages={359--407},
  year={2005},
  publisher={Annual Reviews}
}

@article{krzywinski2009circos,
  title={{Circos: an information aesthetic for comparative genomics}},
  author={Krzywinski, M. and Schein, J. and Birol, {\.I}. and Connors, J. and Gascoyne, R. and Horsman, D. and Jones, S.J. and Marra, M.A.},
  journal={Genome research},
  volume={19},
  number={9},
  pages={1639},
  year={2009},
  publisher={Cold Spring Harbor Lab}
}


@article{saxena2006comprehensive,
  title={{Comprehensive association testing of common mitochondrial DNA variation in metabolic disease}},
  author={Saxena, R. and de Bakker, P.I.W. and Singer, K. and Mootha, V. and Burtt, N. and Hirschhorn, J.N. and Gaudet, D. and Isomaa, B. and Daly, M.J. and Groop, L. and others},
  journal={The American Journal of Human Genetics},
  volume={79},
  number={1},
  pages={54--61},
  year={2006},
  publisher={Elsevier}
}

@article{brooks2004germline,
  title={{Germline E-cadherin mutations in hereditary diffuse gastric cancer: assessment of 42 new families and review of genetic screening criteria}},
  author={Brooks-Wilson, AR and Kaurah, P. and Suriano, G. and Leach, S. and Senz, J. and Grehan, N. and Butterfield, YSN and Jeyes, J. and Schinas, J. and Bacani, J. and others},
  journal={British Medical Journal},
  volume={41},
  number={7},
  pages={508},
  year={2004},
  publisher={BMJ}
}

@Manual{rdct:r,
  title = {R: A Language and Environment for Statistical Computing},
  author = {{R Development Core Team}},
  organization = {R Foundation for Statistical Computing},
  address = {Vienna, Austria},
  year = {2006},
  note = {{ISBN} 3-900051-07-0},
  url = {http://www.R-project.org},
}

@article{McRae2008,
author = {McRae, Allan F and Byrne, Enda M and Zhao, Zhen Zhen and Montgomery, Grant W and Visscher, Peter M},
journal = {Genome research},
keywords = {Australia,Case-Control Studies,Gene Frequency,Genome,Humans,Linkage Disequilibrium,Mitochondrial,Polymorphism,Quantitative Trait Loci,Single Nucleotide},
month = jun,
number = {6},
pages = {911--7},
title = {{Power and SNP tagging in whole mitochondrial genome association studies.}},
volume = {18},
year = {2008}
}
